@book{moreno2006compiladores,
  title={Compiladores e int{\'e}rpretes: teor{\'\i}a y pr{\'a}ctica},
  author={Moreno, M.A. and Alfonseca, M. and de la Puente, A.O. and de la Cruz Echeand{\'\i}a, M. and Ca{\~n}abate, E.P.},
  isbn={9788420550312},
  url={https://books.google.com.bo/books?id=yJKOGAAACAAJ},
  year={2006},
  publisher={Pearson Educaci{\'o}n}
}
