@book{AlfonsecaMoreno2006,
  author    = {Alfonseca Moreno, M. and Ortega de la Puente, A. and Cruz Echeandía, M. d. l. and Pulido Cañabate, E.},
  title     = {Compiladores e intérpretes: teoría y práctica},
  publisher = {Pearson Educación},
  year      = {2006}
}

@online{Alvarez2022,
  author    = {Alvarez, M. A.},
  title     = {Programación estructurada},
  year      = {2022},
  month     = {11},
  url       = {https://desarrolloweb.com/articulos/programacion-estructurada}
}

@book{Anderson2010,
  author    = {Anderson, David J},
  title     = {Kanban: Successful Evolutionary Change for Your Technology Business},
  publisher = {Blue Hole Press},
  year      = {2010}
}

@book{Barron1981,
  editor    = {Barron, D. W.},
  title     = {PASCAL-The Language and Its Implementation},
  publisher = {Wiley},
  year      = {1981}
}

@book{Bermejo2010,
  author    = {Bermejo, M.},
  title     = {El Kanban},
  publisher = {Universitat Oberta de Catalunya},
  year      = {2010}
}

@article{Bohm1996,
  author    = {Böhm, C. and Giuseppe, J.},
  title     = {Flow diagrams, Turing Machines and languages with only two formation rules},
  journal   = {Communications of the AC},
  volume    = {9},
  year      = {1996}
}

@book{cooper2022,
  title={Engineering a compiler},
  author={Cooper, Keith D and Torczon, Linda},
  year={2022},
  publisher={Morgan Kaufmann}
}


@article{Dijkstra1968,
  author    = {Dijkstra, E. W.},
  title     = {Go To Statement Considered Harmful},
  journal   = {Communications of the ACM},
  volume    = {11},
  number    = {3},
  year      = {1968},
  month     = {3}
}

@misc{DiLuciano2022,
  author    = {Di Luciano, F.},
  title     = {frankdilu/CheLang: CheLang es un lenguaje de programación esotérico argento. Ni más, ni menos. Es la que va.},
  year      = {2022},
  url       = {https://github.com/frankdilu/CheLang}
}

@online{ElDeber2018,
  author    = {{El Deber}},
  title     = {Los países que mejor y peor hablan inglés como lengua extranjera (y en qué lugar quedó Bolivia)},
  year      = {2018},
  month     = {11},
  url       = {https://eldeber.com.bo/bbc/los-paises-que-mejor-y-peor-hablan-ingles-como-lengua-extranjera-y-en-que-lugar-quedo-bolivia_22211}
}

@online{freeCodeCamp2022,
  title     = {Lenguajes de programación interpretados vs compilados: ¿Cuál es la diferencia?},
  year      = {2022},
  month     = {9},
  url       = {https://www.freecodecamp.org/espanol/news/lenguajes-compilados-vs-interpretados/}
}

@online{GarcíaDeZúñiga2023,
  author    = {García de Zúñiga, F.},
  title     = {Extensiones de VSCode para JavaScript, PHP, HTML y Python},
  year      = {2023},
  month     = {10},
  url       = {https://www.arsys.es/blog/extensiones-vscode}
}

@online{Garzas2011,
  author    = {Garzas, J.},
  title     = {Kanbam},
  year      = {2011},
  month     = {11},
  url       = {https://www.javiergarzas.com/2011/11/kanban.html}
}

@online{GNU2021,
  author    = {{GNU}},
  title     = {¿Qué significa «el Programa» en la GPLv3? - Proyecto GNU - Free Software Foundation},
  year      = {2021},
  month     = {12},
  url       = {https://www.gnu.org/licenses/gplv3-the-program.es.html}
}

@manual{Guerrero2021,
  author    = {Guerrero, M.},
  title     = {Manual Latino 1.4.0 — documentación de Manual Latino},
  year      = {2021},
  url       = {https://manual.lenguajelatino.org/es/stable/}
}

@online{Intérprete2023,
  title     = {Intérprete para probar un programa escrito en pseudocódigo},
  year      = {2023},
  url       = {https://revistasinvestigacion.unmsm.edu.pe/index.php/idata/article/view/12039/10755}
}

@thesis{JaraLoayza2013,
  author    = {Jara Loayza, J. C.},
  title     = {Entorno de desarrollo, ejecución y traducción de pseudocódigo},
  year      = {2013},
  month     = {12},
  institution = {Pontificia Universidad Católica del Perú},
  url       = {https://tesis.pucp.edu.pe/repositorio/bitstream/handle/20.500.12404/5401/JARA_JUAN_ENTORNO_DESARROLLO_EJECICION_TRADUCCION_PSEUDOCIDOGO.pdf?sequence=1&isAllowed=y}
}

@online{Jasinski2020,
  author    = {Jasinski, P.},
  title     = {3. Compiladores e intérpretes},
  year      = {2020},
  month     = {3},
  url       = {https://www.aprenderprogramacion.com.ar/2020/03/3-compiladores-e-interpretes.html}
}

@book{Jeffery2021,
  author    = {Jeffery, C. L.},
  title     = {Build Your Own Programming Language: A Programmer's Guide to Designing Compilers, Interpreters, and DSLs for Solving Modern Computing Problems},
  publisher = {Packt Publishing},
  year      = {2021}
}

@book{Kernighan1988,
  title={The C programming language},
  author={Kernighan, Brian W and Ritchie, Dennis M},
  year={1988},
  publisher={prentice-Hall}
}

@book{LabraGayo2003,
  author    = {Labra Gayo, J. E. and Cueva Lovelle, J. M. and Izquierdo Castanedo, R. and Juan Fuente, A. A. and Luengo Díez, M. C. and Ortín Soler, F.},
  title     = {Intérpretes y diseño de lenguajes de programación},
  publisher = {Servitec},
  year      = {2003}
}

@book{Louden2004,
  author    = {Louden, K. C.},
  title     = {Construcción de compiladores: principios y práctica},
  publisher = {11},
  year      = {2004}
}

@online{lu1tr0n2016,
  author    = {lu1tr0n},
  title     = {Tabla de Simbolos. Teoría y Diseño de Compiladores},
  year      = {2016},
  month     = {6},
  url       = {https://compiladoresugb.wordpress.com/2016/06/01/tabla-de-simbolos/}
}

@online{Nandwana2023,
  author    = {Nandwana, N.},
  title     = {Utilizar la extensión de Visual Studio Code - Power Apps},
  year      = {2023},
  month     = {3},
  url       = {https://learn.microsoft.com/es-es/power-apps/maker/portals/vs-code-extension}
}

@online{Novara2023,
  author    = {Novara, P.},
  title     = {PSeInt},
  year      = {2023},
  url       = {https://pseint.sourceforge.net/index.php?page=documentacion.php}
}

@online{Ormeño2019,
  author    = {Ormeño, N. F.},
  title     = {ISO 25010 y el desarrollo de software},
  year      = {2019},
  month     = {5},
  url       = {https://normeno.medium.com/iso-25010-y-el-desarrollo-de-software-112393a4b341}
}

@book{OrtegaDeLaPuente2006,
  author    = {Ortega de la Puente, A. and Cruz Echeandía, M. d. l. and Alfonseca Moreno, M. and Pulido Cañabate, E.},
  title     = {Compiladores e intérpretes: teoría y práctica},
  publisher = {Pearson Educación},
  year      = {2006}
}

@book{OrtínSoler2004,
  author    = {Ortín Soler, F. and Cueva Lovelle, J. M. and Luengo Díez, M. C.},
  title     = {Análisis semántico en procesadores de lenguaje},
  publisher = {Servitec},
  year      = {2004}
}

@book{Parr2010,
  author    = {Parr, T.},
  title     = {Language Implementation Patterns: Create Your Own Domain-specific and General Programming Languages},
  publisher = {Pragmatic Bookshelf},
  year      = {2010}
}

@online{SantanderUniversidades2021,
  author    = {{Santander Universidades}},
  title     = {Python: qué es y por qué deberías aprender a utilizarlo},
  year      = {2021},
  month     = {4},
  url       = {https://www.becas-santander.com/es/blog/python-que-es.html}
}

@book{Schwaber2020,
  author    = {Schwaber, K. and Sutherland, J.},
  title     = {The Scrum Guide},
  year      = {2020},
  month     = {11},
  url       = {https://scrumguides.org/docs/scrumguide/v2020/2020-Scrum-Guide-US.pdf}
}

@online{Spivak2015,
  author    = {Spivak, R.},
  title     = {Let's Build A Simple Interpreter. Part 1},
  year      = {2015},
  month     = {6},
  url       = {https://ruslanspivak.com/lsbasi-part1/}
}
